@book{Scott1992,
    author = {Scott, David W.},
    citeulike-article-id = {2226994},
    citeulike-linkout-0 = {http://www.amazon.ca/exec/obidos/redirect?tag=citeulike09-20\&amp;path=ASIN/0471547700},
    day = {28},
    edition = {1},
    howpublished = {Hardcover},
    isbn = {0471547700},
    keywords = {density-estimation},
    month = sep,
    posted-at = {2008-01-13 17:42:33},
    priority = {2},
    publisher = {Wiley},
    title = {{Multivariate Density Estimation: Theory, Practice, and Visualization (Wiley Series in Probability and Statistics)}},
    url = {http://www.amazon.com/exec/obidos/redirect?tag=citeulike07-20\&path=ASIN/0471547700},
    year = {1992}
}

@book{Graunt1662,
  title={Natural and political observations made upon the bills of mortality},
  author={Graunt, J.},
  year={1662},
  publisher = {Martyn, London},
}




@article{Wand1997,
     jstor_articletype = {research-article},
     title = {Data-Based Choice of Histogram Bin Width},
     author = {Wand, M. P.},
     journal = {The American Statistician},
     jstor_issuetitle = {},
     volume = {51},
     number = {1},
     jstor_formatteddate = {Feb., 1997},
     pages = {pp. 59-64},
     url = {http://www.jstor.org/stable/2684697},
     ISSN = {00031305},
     language = {English},
     year = {1997},
     publisher = {American Statistical Association},
     copyright = {Copyright © 1997 American Statistical Association},
    }

@article{Sturges1926,
     author = {Sturges, Herbert A.},
     title = {The Choice of a Class Interval},
     journal = {Journal of the American Statistical Association},
     jstor_issuetitle = {},
     volume = {21},
     number = {153},
     jstor_formatteddate = {Mar., 1926},
     pages = {pp. 65-66},
     url = {http://www.jstor.org/stable/2965501},
     ISSN = {01621459},
     abstract = {},
     language = {English},
     year = {1926},
     publisher = {American Statistical Association},
     copyright = {Copyright © 1926 American Statistical Association},
    }

@article {Scott2009,
author = {Scott, David W.},
title = {Sturges' rule},
journal = {Wiley Interdisciplinary Reviews: Computational Statistics},
volume = {1},
number = {3},
publisher = {John Wiley & Sons, Inc.},
issn = {1939-0068},
url = {http://dx.doi.org/10.1002/wics.35},
doi = {10.1002/wics.35},
pages = {303--306},
keywords = {frequency chart, histogram, optimal bin width, number of bins, oversmoothing},
year = {2009},
}

@article{Birge2003,
    author = {L. Birgé and Y. Rozenholc},
    title = {How many bins should be put in a regular histogram },
    year = {2003},
    journal = {ESAIM: Probability and Statistics},
    volume = {10}, 
    pages = {24--45},
    doi = {10.1051/ps:2006001} 
}

@book{Flood2011,
  title={Mathematics in Victorian Britain},
  author={Flood, R. and Rice, A. and Wilson, R.},
  isbn={9780191627941},
  url={http://books.google.com/books?id=HzbhCT6iMBsC},
  year={2011},
  publisher={OUP Oxford}
}

@book{Stigler1986,
  title={The history of statistics: the measurement of uncertainty before 1900},
  author={Stigler, S.M.},
  isbn={9780674403406},
  lccn={85030499},
  url={http://books.google.com/books?id=-LXuAAAAMAAJ},
  year={1986},
  publisher={Belknap Press of Harvard University Press}
}

@book{Ivezic2013,
  title={Statistics, Data Mining and Machine Learning in Astronomy:
         A Practical Python Guide for the Analysis of Survey Data},
  author={Ivezic, Z. and Connolly, A.J. and Vanderplas, J.T. and Gray, A.},
  year={2013},
  publisher={Princeton University Press}
}



@INPROCEEDINGS{Ioannidis2003,
    author = {Yannis Ioannidis},
    title = {The History of Histograms (abridged)},
    booktitle = {Proc. of VLDB conference},
    year = {2003},
    publisher = {}
}

@ARTICLE{Freedman1981,
    author = {Freedman, David and Diaconis, Persi},
    citeulike-article-id = {6360487},
    citeulike-linkout-0 = {http://dx.doi.org/10.1007/BF01025868},
    day = {21},
    doi = {10.1007/BF01025868},
    journal = {Probability Theory and Related Fields},
    keywords = {mathematics, statistics},
    month = dec,
    number = {4},
    pages = {453--476},
    posted-at = {2009-12-11 22:48:39},
    priority = {0},
    title = {{On the histogram as a density estimator:L2 theory}},
    url = {http://dx.doi.org/10.1007/BF01025868},
    volume = {57},
    year = {1981}
}

@article{Scott1979,
    author = {Scott, David W.},
    citeulike-article-id = {1099722},
    citeulike-linkout-0 = {http://dx.doi.org/10.1093/biomet/66.3.605},
    citeulike-linkout-1 = {http://biomet.oxfordjournals.org/cgi/content/abstract/66/3/605},
    day = {1},
    doi = {10.1093/biomet/66.3.605},
    journal = {Biometrika},
    keywords = {fitting, mathematics, oven},
    month = dec,
    number = {3},
    pages = {605--610},
    posted-at = {2008-12-05 09:15:28},
    priority = {2},
    title = {{On optimal and data-based histograms}},
    url = {http://dx.doi.org/10.1093/biomet/66.3.605},
    volume = {66},
    year = {1979}
}

@article{Doane1976,
    author = {Doane, D.P.},
    year = {1976},
    title = {{Aesthetic frequency classification}},
    journal = {American Statistician},
    volume = {30},
    pages = {181--183}
}

@ARTICLE{Knuth2006,
   author = {{Knuth}, K.~H.},
    title = "{Optimal Data-Based Binning for Histograms}",
  journal = {ArXiv Physics e-prints},
   eprint = {arXiv:physics/0605197},
 keywords = {Physics - Data Analysis, Statistics and Probability, Mathematics - Probability, Mathematics - Statistics Theory, Physics - Computational Physics},
     year = 2006,
    month = may,
   adsurl = {http://adsabs.harvard.edu/abs/2006physics...5197K},
  adsnote = {Provided by the SAO/NASA Astrophysics Data System}
}

@ARTICLE{Hogg2008,
   author = {{Hogg}, D.~W.},
    title = "{Data analysis recipes: Choosing the binning for a histogram}",
  journal = {ArXiv e-prints},
archivePrefix = "arXiv",
   eprint = {0807.4820},
 primaryClass = "physics.data-an",
 keywords = {Physics - Data Analysis, Statistics and Probability, Astrophysics},
     year = 2008,
    month = jul,
   adsurl = {http://adsabs.harvard.edu/abs/2008arXiv0807.4820H},
  adsnote = {Provided by the SAO/NASA Astrophysics Data System}
}

@ARTICLE{Scargle1998,
   author = {{Scargle}, J.~D.},
    title = "{Studies in Astronomical Time Series Analysis. V. Bayesian Blocks, a New Method to Analyze Structure in Photon Counting Data}",
  journal = {\apj},
   eprint = {arXiv:astro-ph/9711233},
 keywords = {METHODS: DATA ANALYSIS, GAMMA RAYS: BURSTS, METHODS: NUMERICAL, METHODS: STATISTICAL},
     year = 1998,
    month = sep,
   volume = 504,
    pages = {405},
      doi = {10.1086/306064},
   adsurl = {http://adsabs.harvard.edu/abs/1998ApJ...504..405S},
  adsnote = {Provided by the SAO/NASA Astrophysics Data System}
}

@ARTICLE{Scargle2012,
   author = {{Scargle}, J.~D. and {Norris}, J.~P. and {Jackson}, B. and {Chiang}, J.
	},
    title = "{Studies in Astronomical Time Series Analysis. VI. Bayesian Block Representations}",
  journal = {ArXiv e-prints},
archivePrefix = "arXiv",
   eprint = {1207.5578},
 primaryClass = "astro-ph.IM",
 keywords = {Astrophysics - Instrumentation and Methods for Astrophysics, Mathematics - Statistics Theory, G.3},
     year = 2012,
    month = jul,
   adsurl = {http://adsabs.harvard.edu/abs/2012arXiv1207.5578S},
  adsnote = {Provided by the SAO/NASA Astrophysics Data System}
}

